<record><leader>00000cas a2200000 a 4500</leader><controlfield tag="001">12487381</controlfield><controlfield tag="008">850904d18841886ksuwr ne      0    0eng d</controlfield><datafield ind1=" " ind2=" " tag="010"><subfield code="a">sn 85029607 </subfield></datafield><datafield ind1=" " ind2=" " tag="040"><subfield code="a">KSH</subfield><subfield code="b">eng</subfield><subfield code="c">KSH</subfield><subfield code="d">NPT</subfield><subfield code="d">OCL</subfield><subfield code="d">OCLCQ</subfield></datafield><datafield ind1=" " ind2=" " tag="042"><subfield code="a">msc</subfield></datafield><datafield ind1="0" ind2="4" tag="245"><subfield code="a">The Plainville echo.</subfield></datafield><datafield ind1=" " ind2=" " tag="260"><subfield code="a">Plainville, Kan. :</subfield><subfield code="b">J.F. Thompson,</subfield><subfield code="c">1884-1886.</subfield></datafield><datafield ind1=" " ind2=" " tag="300"><subfield code="a">2 v. :</subfield><subfield code="b">ill. ;</subfield><subfield code="c">55 cm.</subfield></datafield><datafield ind1=" " ind2=" " tag="310"><subfield code="a">Weekly</subfield></datafield><datafield ind1="0" ind2=" " tag="362"><subfield code="a">Vol. 1, no. 1 (Apr. 9, 1884)-v. 2, no. 45 (Jan. 21, 1886).</subfield></datafield><datafield ind1=" " ind2=" " tag="500"><subfield code="a">Published by: F.C. Thompson &amp; Co., July 30, 1884-Feb. 18, 1885; Thompson Bros., Feb. 25, 1885-Jan. 21, 1886.</subfield></datafield><datafield ind1=" " ind2=" " tag="752"><subfield code="a">United States</subfield><subfield code="b">Kansas</subfield><subfield code="c">Rooks</subfield><subfield code="d">Plainville.</subfield></datafield><datafield ind1="0" ind2="0" tag="785"><subfield code="t">Plainville times (Plainville, Kan. : 1886)</subfield><subfield code="w">(DLC)sn 85029750</subfield></datafield><datafield ind1="1" ind2=" " tag="029"><subfield code="a">AU@</subfield><subfield code="b">000022171952</subfield></datafield></record>